@INPROCEEDINGS{chen99, 
author={Yongming Chen and Biddell, K. and Aiying Sun and Relue, P.A. and Johnson, J.D.}, 
booktitle={[Engineering in Medicine and Biology, 1999. 21st Annual Conference and the 1999 Annual Fall Meetring of the Biomedical Engineering Society] BMES/EMBS Conference, 1999. Proceedings of the First Joint}, 
title={An automatic cell counting method for optical images}, 
year={1999}, 
month={Oct}, 
volume={2}, 
pages={819 vol.2-}, 
keywords={biological techniques;cellular effects of radiation;image segmentation;medical image processing;photodynamic therapy;automatic cell counting method;cell number;digital images;human counting results;image segmentation technique;optical images;photodynamic therapy;treatment conditions;Biomedical engineering;Biomedical optical imaging;Counting circuits;Digital images;Floods;Gray-scale;Humans;Image quality;Image segmentation;Medical treatment}, 
doi={10.1109/IEMBS.1999.803974}, 
ISSN={1094-687X},}

@ARTICLE{chen06, 
author={Xiaowei Chen and Xiaobo Zhou and Wong, S.T.-C.}, 
journal={Biomedical Engineering, IEEE Transactions on}, 
title={Automated segmentation, classification, and tracking of cancer cell nuclei in time-lapse microscopy}, 
year={2006}, 
month={April}, 
volume={53}, 
number={4}, 
pages={762-766}, 
keywords={biomedical optical imaging;cancer;cellular biophysics;fluorescence;image classification;image segmentation;medical image processing;optical microscopy;automated image segmentation;cancer cell nuclei tracking;cell cycle progression;cellular image analysis;drug treatment effects;image classification;perturbation;phase identification;time-lapse fluorescence microscopy imaging;Analysis of variance;Bioinformatics;Cancer;Data analysis;Drugs;Fluorescence;Image analysis;Image segmentation;Microscopy;Nuclear measurements;Image analysis;phase identification;time-lapse fluorescence microscopy;tracking;Artificial Intelligence;Cell Cycle;Cell Movement;Cell Nucleus;Humans;Image Interpretation, Computer-Assisted;Microscopy, Fluorescence;Microscopy, Video;Neoplasms;Pattern Recognition, Automated;Tumor Cells, Cultured}, 
doi={10.1109/TBME.2006.870201}, 
ISSN={0018-9294},}

@ARTICLE{mukherjee04, 
author={Mukherjee, D.P. and Ray, N. and Acton, S.T.}, 
journal={Image Processing, IEEE Transactions on}, 
title={Level set analysis for leukocyte detection and tracking}, 
year={2004}, 
month={April}, 
volume={13}, 
number={4}, 
pages={562-572}, 
keywords={blood;cellular biophysics;image segmentation;image sequences;medical image processing;object detection;target tracking;video signal processing;associated processing time;cell boundary capture;cell detection;cell tracking;closed curve;correlation tracking;digital video sequences;gradient magnitude;homogeneous region;image gradient;image level sets;integrated energy functional approach;leukocyte detection;leukocyte tracking;level set analysis;shape-based segmentation;spatial overlap;threshold decomposition;Active contours;Cells (biology);Focusing;Helium;Image segmentation;Level set;Shape;Target tracking;Video sequences;White blood cells;Algorithms;Cell Movement;Cell Size;Humans;Image Enhancement;Image Interpretation, Computer-Assisted;Information Storage and Retrieval;Leukocytes;Microscopy, Video;Pattern Recognition, Automated;Reproducibility of Results;Sensitivity and Specificity;Signal Processing, Computer-Assisted;Subtraction Technique}, 
doi={10.1109/TIP.2003.819858}, 
ISSN={1057-7149},}

@INPROCEEDINGS{bise11, 
author={Bise, R. and Kanade, T. and Zhaozheng Yin and Seung-il Huh}, 
booktitle={Engineering in Medicine and Biology Society,EMBC, 2011 Annual International Conference of the IEEE}, 
title={Automatic cell tracking applied to analysis of cell migration in wound healing assay}, 
year={2011}, 
month={Aug}, 
pages={6174-6179}, 
keywords={biomedical optical imaging;cellular biophysics;optical microscopy;wounds;automatic cell tracking;cell migration;phase-contrast microscopy;wound healing assay;Algorithm design and analysis;Biology;Biomedical imaging;In vitro;Microscopy;Tracking;Wounds;Algorithms;Animals;Automation;Bicyclo Compounds, Heterocyclic;Cell Culture Techniques;Cell Line, Tumor;Cell Movement;Cell Tracking;Cells, Cultured;Culture Media;Equipment Design;Humans;Imaging, Three-Dimensional;Microscopy;Microscopy, Phase-Contrast;Mitosis;Neoplasms;Thiazolidines;Time Factors;Wound Healing}, 
doi={10.1109/IEMBS.2011.6091525}, 
ISSN={1557-170X},}

@inproceedings{arteta12,
 author = {Arteta, Carlos and Lempitsky, Victor and Noble, J. Alison and Zisserman, Andrew},
 title = {Learning to Detect Cells Using Non-Extremal Regions},
 booktitle = {Proceedings of the 15th International Conference on Medical Image Computing and Computer-Assisted Intervention - Volume Part I},
 series = {MICCAI'12},
 year = {2012},
 isbn = {978-3-642-33414-6},
 location = {Nice, France},
 pages = {348--356},
 numpages = {9},
 url = {http://dx.doi.org/10.1007/978-3-642-33415-3_43},
 doi = {10.1007/978-3-642-33415-3_43},
 acmid = {2404556},
 publisher = {Springer-Verlag},
 address = {Berlin, Heidelberg},
} 


@INPROCEEDINGS{massoudi12, 
author={Massoudi, A. and Semenovich, D. and Sowmya, A.}, 
booktitle={Engineering in Medicine and Biology Society (EMBC), 2012 Annual International Conference of the IEEE}, 
title={Cell tracking and mitosis detection using splitting flow networks in phase-contrast imaging}, 
year={2012}, 
month={Aug}, 
pages={5310-5313}, 
keywords={biological techniques;cellular biophysics;optical microscopy;biomedical image analysis;cell detection module;cell tracking;mitosis detection;phase contrast imaging;splitting flow network;temporal information;video microscopy;Biomedical imaging;Computational modeling;Image edge detection;Image segmentation;Linear programming;Logistics;Microscopy}, 
doi={10.1109/EMBC.2012.6347193}, 
ISSN={1557-170X},}

@INPROCEEDINGS{xu12, 
author={Benlian Xu and Mingli Lu and Peiyi Zhu and Qinglan Chen and Xiaoying Wang}, 
booktitle={Control, Automation and Information Sciences (ICCAIS), 2012 International Conference on}, 
title={Multiple cell tracking using ant estimator}, 
year={2012}, 
month={Nov}, 
pages={13-17}, 
keywords={biology computing;cellular biophysics;fluorescence;image sequences;object tracking;optical microscopy;particle filtering (numerical methods);phosphorescence;ANT estimator;ant stochastic searching behavior based tracking algorithm;cell detection position heuristic information;cell dynamic processes;fluorescence microscopy imaging;image clutter;image contrast;multiple cell tracking;noisy image sequences;particle filter based cell tracking algorithm;probabilistically potential state;Density functional theory;Fluorescence;Microscopy;Noise measurement;Particle filters;Stochastic processes;Target tracking}, 
doi={10.1109/ICCAIS.2012.6466574},}

@INPROCEEDINGS{baker13, 
author={Baker, R.M. and Brasch, M.E. and Henderson, J.H. and Manning, M.L.}, 
booktitle={Bioengineering Conference (NEBEC), 2013 39th Annual Northeast}, 
title={Contour-Based Algorithm for Tracking Cells and Cell-Material Analyses}, 
year={2013}, 
month={April}, 
pages={96-97}, 
keywords={cell motility;image segmentation;medical image processing;tracking;MATLAB;automated tracking algorithm;cell division identification;cell division tracking;cell population tracking;cell-cell interaction analysis;cell-material interaction analysis;contour-based algorithm;contour-based segmentation approach;disease progression;occlusion event;tissue development;Algorithm design and analysis;Cost function;Diseases;Manuals;Sociology;Statistics;Substrates;cell tracking;mechanobiology}, 
doi={10.1109/NEBEC.2013.158}, 
ISSN={2160-7001},}

@inproceedings{arteta13,
  added-at = {2013-10-17T00:00:00.000+0200},
  author = {Arteta, Carlos and Lempitsky, Victor S. and Noble, J. Alison and Zisserman, Andrew},
  biburl = {http://www.bibsonomy.org/bibtex/27788120b1762d584781a222e233e5dbc/dblp},
  booktitle = {CVPR},
  crossref = {conf/cvpr/2013},
  ee = {http://dx.doi.org/10.1109/CVPR.2013.415},
  interhash = {dde8abf5d24d5cad5ccf72a05e25258a},
  intrahash = {7788120b1762d584781a222e233e5dbc},
  keywords = {dblp},
  pages = {3230-3237},
  publisher = {IEEE},
  timestamp = {2013-10-17T00:00:00.000+0200},
  title = {Learning to Detect Partially Overlapping Instances.},
  url = {http://dblp.uni-trier.de/db/conf/cvpr/cvpr2013.html#ArtetaLNZ13},
  year = 2013
}

@article{germain06,
  title={Dynamic imaging of the immune system: progress, pitfalls and promise},
  author={Ronald N. Germain and Mark J. Miller and Michael L. Dustin and Michel C. Nussenzweig},
  journal={Nature Reviews Immunology},
  volume={6},
  number={7},
  pages={497-507},
  year={2006},
  doi={10.1038/nri1884},
  url={http://dx.doi.org/10.1038/nri1884}
}


@misc{carlin13,
title={Nr4a1-Dependent Ly6C(low) Monocytes Monitor Endothelial Cells and Orchestrate Their Disposal},
publisher={CELL PRESS},
author={Carlin, Leo M. and Stamatiades, Efstathios G. and Auffray, Cedric and Hanna, Richard N. and Glover, Leanne and Vizcay-barrena, Gema and Hedrick, Catherine C. and Cook, H. Terence and Diebold, Sandra and Geissmann, Frederic}, year={2013}}

@MISC{tang,
    author = {Chunming Tang and Yanqing Wang and Ying Cui},
    title = {Tracking of Active Cells Based on Kalman Filter in Time Lapse of Image Sequences of Neuron Stem Cells},
    year = {}
}

@inproceedings{li07,
   author = "Kang Li and Takeo Kanade",
   title = "Cell Population Tracking and Lineage Construction Using Multiple-Model Dynamics Filters and Spatiotemporal Optimization",
   booktitle = "Proceedings of the 2nd International Workshop on Microscopic Image Analysis with Applications in Biology (MIAAB)",
   month = "September",
   year = "2007",
}

@INPROCEEDINGS{house09, 
author={House, D. and Walker, M.L. and Zheng Wu and Wong, J.Y. and Betke, M.}, 
booktitle={Computer Vision and Pattern Recognition Workshops, 2009. CVPR Workshops 2009. IEEE Computer Society Conference on}, 
title={Tracking of cell populations to understand their spatio-temporal behavior in response to physical stimuli}, 
year={2009}, 
month={June}, 
pages={186-193}, 
keywords={Bayes methods;cellular biophysics;hydrogels;image segmentation;medical image processing;microscopy;spatiotemporal phenomena;cell division;cell migration properties;cell motility;cell population tracking;cell segmentation;data association problem;directional persistence;fibroblast cells;hydrogel conditions;multiobject Bayesian algorithm;physical stimuli;random walk model;spatiotemporal behavior;stiffness property;suboptimal assignment algorithm;time-lapse phase-contrast microscopy images;Cost function;Current measurement;Fibroblasts;Image analysis;Image segmentation;Iterative algorithms;Microscopy;Motion analysis;Shape;Tracking}, 
doi={10.1109/CVPRW.2009.5204057}, 
ISSN={2160-7508},}

@phdthesis{huh13,
   author = "SeungIl Huh",
   title = "Toward an Automated System for the Analysis of Cell Behavior: Cellular Event Detection and Cell Tracking in Time-lapse Live Cell Microscopy",
   booktitle = "",
   school = "Robotics Institute, Carnegie Mellon University",
   month = "March",
   year = "2013",
   number= "CMU-RI-TR-13-06",
   address= "Pittsburgh, PA",
}

@ARTICLE{otsu79, 
journal={Systems, Man and Cybernetics, IEEE Transactions on}, 
author={Nobuyuki Otsu},
title={A Threshold Selection Method from Gray-Level Histograms}, 
year={1979}, 
month={Jan}, 
volume={9}, 
number={1}, 
pages={62-66}, 
keywords={Displays;Gaussian distribution;Histograms;Least squares approximation;Marine vehicles;Q measurement;Radar tracking;Sea measurements;Surveillance;Target tracking}, 
doi={10.1109/TSMC.1979.4310076}, 
ISSN={0018-9472},}

@ARTICLE{vincent93, 
author={Vincent, L.}, 
journal={Image Processing, IEEE Transactions on}, 
title={Morphological grayscale reconstruction in image analysis: applications and efficient algorithms}, 
year={1993}, 
month={Apr}, 
volume={2}, 
number={2}, 
pages={176-201}, 
keywords={image reconstruction;image segmentation;mathematical morphology;set theory;algorithm;image analysis;image filtering;image processing;image segmentation;morphological gray scale reconstruction;parallel reconstruction algorithm;pixels queue;regional maxima;sequential reconstruction algorithm;set theory;Algorithm design and analysis;Application software;Filtering;Gray-scale;Image analysis;Image processing;Image reconstruction;Image segmentation;Pixel;Reconstruction algorithms}, 
doi={10.1109/83.217222}, 
ISSN={1057-7149},}

@book{serra83,
 author = {Serra, Jean},
 title = {Image Analysis and Mathematical Morphology},
 year = {1983},
 isbn = {0126372403},
 publisher = {Academic Press, Inc.},
 address = {Orlando, FL, USA},
} 

@misc{beucher79,
  abstract = {contour detection with watershed transform},
  added-at = {2013-12-04T22:11:08.000+0100},
  author = {Beucher, Serge and Lantuéjoul, Christian},
  biburl = {http://www.bibsonomy.org/bibtex/289983051889b28d308355a4e152a4064/hpschu},
  howpublished = {workshop published},
  interhash = {4ecfc8e9c227eb706561f66a7aa530bd},
  intrahash = {89983051889b28d308355a4e152a4064},
  keywords = {image processing segmentation watershed},
  month = sep,
  timestamp = {2013-12-04T22:11:08.000+0100},
  title = {Use of Watersheds in Contour Detection},
  url = {http://cmm.ensmp.fr/~beucher/publi/watershed.pdf},
  year = 1979
}

@MastersThesis{xu10,
author = {Dongbin Xu and Ling Ma.},
title = {Segmentation of image sequences of neuron stem cells based on level-set algorithm combined with local gray threshold.},
school = {Harbin Engineering University},
year = {2010}
}

@inproceedings{matas02,
   title = {Robust Wide Baseline Stereo from Maximally Stable Extremal Regions},
   author = {Matas, J. and Chum, O. and Urban, M. and Pajdla, T.},
   year = {2002},
   pages = {36.1-36.10},
   booktitle = {Proceedings of the British Machine Vision Conference},
   publisher = {BMVA Press},
   editors = {Marshall, David and Rosin, Paul L.},
   isbn = {1-901725-19-7},
   note = {doi:10.5244/C.16.36}
}

@article{joachims09,
 author = {Joachims, Thorsten and Finley, Thomas and Yu, Chun-Nam John},
 title = {Cutting-plane Training of Structural SVMs},
 journal = {Mach. Learn.},
 issue_date = {October   2009},
 volume = {77},
 number = {1},
 month = oct,
 year = {2009},
 issn = {0885-6125},
 pages = {27--59},
 numpages = {33},
 url = {http://dx.doi.org/10.1007/s10994-009-5108-8},
 doi = {10.1007/s10994-009-5108-8},
 acmid = {1613006},
 publisher = {Kluwer Academic Publishers},
 address = {Hingham, MA, USA},
 keywords = {Structural SVMs, Structured output prediction, Support vector machines, Training algorithms},
} 
